%YAML 1.1
%TAG !u! tag:unity3d.com,2011:
--- !u!1 &242199549947191292
GameObject:
  m_ObjectHideFlags: 0
  m_CorrespondingSourceObject: {fileID: 0}
  m_PrefabInstance: {fileID: 0}
  m_PrefabAsset: {fileID: 0}
  serializedVersion: 6
  m_Component:
  - component: {fileID: 242199549947191291}
  m_Layer: 0
  m_Name: MoveAbleTrap
  m_TagString: Untagged
  m_Icon: {fileID: 0}
  m_NavMeshLayer: 0
  m_StaticEditorFlags: 0
  m_IsActive: 1
--- !u!4 &242199549947191291
Transform:
  m_ObjectHideFlags: 0
  m_CorrespondingSourceObject: {fileID: 0}
  m_PrefabInstance: {fileID: 0}
  m_PrefabAsset: {fileID: 0}
  m_GameObject: {fileID: 242199549947191292}
  m_LocalRotation: {x: 0, y: 0, z: 0, w: 1}
  m_LocalPosition: {x: 39.26, y: 0.97, z: -918.5703}
  m_LocalScale: {x: 1, y: 1, z: 1}
  m_Children:
  - {fileID: 3222137951125606021}
  - {fileID: 242199551544357191}
  - {fileID: 242199550161659694}
  m_Father: {fileID: 0}
  m_RootOrder: 0
  m_LocalEulerAnglesHint: {x: 0, y: 0, z: 0}
--- !u!1 &242199550161659695
GameObject:
  m_ObjectHideFlags: 0
  m_CorrespondingSourceObject: {fileID: 0}
  m_PrefabInstance: {fileID: 0}
  m_PrefabAsset: {fileID: 0}
  serializedVersion: 6
  m_Component:
  - component: {fileID: 242199550161659694}
  m_Layer: 0
  m_Name: mark2
  m_TagString: Untagged
  m_Icon: {fileID: 0}
  m_NavMeshLayer: 0
  m_StaticEditorFlags: 0
  m_IsActive: 1
--- !u!4 &242199550161659694
Transform:
  m_ObjectHideFlags: 0
  m_CorrespondingSourceObject: {fileID: 0}
  m_PrefabInstance: {fileID: 0}
  m_PrefabAsset: {fileID: 0}
  m_GameObject: {fileID: 242199550161659695}
  m_LocalRotation: {x: -0, y: -0, z: -0, w: 1}
  m_LocalPosition: {x: 2.3900032, y: 0.44999993, z: 918.5703}
  m_LocalScale: {x: 1, y: 1, z: 1}
  m_Children: []
  m_Father: {fileID: 242199549947191291}
  m_RootOrder: 2
  m_LocalEulerAnglesHint: {x: 0, y: 0, z: 0}
--- !u!95 &242199550181250067
Animator:
  serializedVersion: 3
  m_ObjectHideFlags: 0
  m_CorrespondingSourceObject: {fileID: 0}
  m_PrefabInstance: {fileID: 0}
  m_PrefabAsset: {fileID: 0}
  m_GameObject: {fileID: 3222137951125606136}
  m_Enabled: 1
  m_Avatar: {fileID: 0}
  m_Controller: {fileID: 9100000, guid: 7b818986eb814dc4cb2b57a6cce4bab1, type: 2}
  m_CullingMode: 0
  m_UpdateMode: 0
  m_ApplyRootMotion: 0
  m_LinearVelocityBlending: 0
  m_WarningMessage: 
  m_HasTransformHierarchy: 1
  m_AllowConstantClipSamplingOptimization: 1
  m_KeepAnimatorControllerStateOnDisable: 0
--- !u!114 &242199550181250068
MonoBehaviour:
  m_ObjectHideFlags: 0
  m_CorrespondingSourceObject: {fileID: 0}
  m_PrefabInstance: {fileID: 0}
  m_PrefabAsset: {fileID: 0}
  m_GameObject: {fileID: 3222137951125606136}
  m_Enabled: 1
  m_EditorHideFlags: 0
  m_Script: {fileID: 11500000, guid: feb9c0c959029584c83d420ee3d80bab, type: 3}
  m_Name: 
  m_EditorClassIdentifier: 
  startMarker: {fileID: 242199551544357191}
  endMarker: {fileID: 242199550161659694}
  speed: 1
--- !u!1 &242199551544357192
GameObject:
  m_ObjectHideFlags: 0
  m_CorrespondingSourceObject: {fileID: 0}
  m_PrefabInstance: {fileID: 0}
  m_PrefabAsset: {fileID: 0}
  serializedVersion: 6
  m_Component:
  - component: {fileID: 242199551544357191}
  m_Layer: 0
  m_Name: mark1
  m_TagString: Untagged
  m_Icon: {fileID: 0}
  m_NavMeshLayer: 0
  m_StaticEditorFlags: 0
  m_IsActive: 1
--- !u!4 &242199551544357191
Transform:
  m_ObjectHideFlags: 0
  m_CorrespondingSourceObject: {fileID: 0}
  m_PrefabInstance: {fileID: 0}
  m_PrefabAsset: {fileID: 0}
  m_GameObject: {fileID: 242199551544357192}
  m_LocalRotation: {x: -0, y: -0, z: -0, w: 1}
  m_LocalPosition: {x: -2.8799973, y: 0.44999993, z: 918.5703}
  m_LocalScale: {x: 1, y: 1, z: 1}
  m_Children: []
  m_Father: {fileID: 242199549947191291}
  m_RootOrder: 1
  m_LocalEulerAnglesHint: {x: 0, y: 0, z: 0}
--- !u!1001 &242199551085522479
PrefabInstance:
  m_ObjectHideFlags: 0
  serializedVersion: 2
  m_Modification:
    m_TransformParent: {fileID: 242199549947191291}
    m_Modifications:
    - target: {fileID: 3452891267461259432, guid: d92290943189f4a4680b63c8a468901e,
        type: 3}
      propertyPath: m_SpriteTilingProperty.oldSize.x
      value: 0.48
      objectReference: {fileID: 0}
    - target: {fileID: 3452891267461259432, guid: d92290943189f4a4680b63c8a468901e,
        type: 3}
      propertyPath: m_SpriteTilingProperty.oldSize.y
      value: 0.48
      objectReference: {fileID: 0}
    - target: {fileID: 3452891267461259432, guid: d92290943189f4a4680b63c8a468901e,
        type: 3}
      propertyPath: m_Size.x
      value: 0.46
      objectReference: {fileID: 0}
    - target: {fileID: 3452891267461259432, guid: d92290943189f4a4680b63c8a468901e,
        type: 3}
      propertyPath: m_Size.y
      value: 0.46
      objectReference: {fileID: 0}
    - target: {fileID: 3452891267461259433, guid: d92290943189f4a4680b63c8a468901e,
        type: 3}
      propertyPath: m_Materials.Array.data[0]
      value: 
      objectReference: {fileID: 10754, guid: 0000000000000000f000000000000000, type: 0}
    - target: {fileID: 3452891267461259433, guid: d92290943189f4a4680b63c8a468901e,
        type: 3}
      propertyPath: m_Sprite
      value: 
      objectReference: {fileID: -1642050057519057660, guid: 831b84c9147378d409559f619e56e7b8,
        type: 3}
    - target: {fileID: 3452891267461259434, guid: d92290943189f4a4680b63c8a468901e,
        type: 3}
      propertyPath: m_LocalPosition.x
      value: 0.7060013
      objectReference: {fileID: 0}
    - target: {fileID: 3452891267461259434, guid: d92290943189f4a4680b63c8a468901e,
        type: 3}
      propertyPath: m_LocalPosition.y
      value: 1.0839999
      objectReference: {fileID: 0}
    - target: {fileID: 3452891267461259434, guid: d92290943189f4a4680b63c8a468901e,
        type: 3}
      propertyPath: m_LocalPosition.z
      value: 918.5703
      objectReference: {fileID: 0}
    - target: {fileID: 3452891267461259434, guid: d92290943189f4a4680b63c8a468901e,
        type: 3}
      propertyPath: m_LocalRotation.x
      value: -0
      objectReference: {fileID: 0}
    - target: {fileID: 3452891267461259434, guid: d92290943189f4a4680b63c8a468901e,
        type: 3}
      propertyPath: m_LocalRotation.y
      value: -0
      objectReference: {fileID: 0}
    - target: {fileID: 3452891267461259434, guid: d92290943189f4a4680b63c8a468901e,
        type: 3}
      propertyPath: m_LocalRotation.z
      value: -0
      objectReference: {fileID: 0}
    - target: {fileID: 3452891267461259434, guid: d92290943189f4a4680b63c8a468901e,
        type: 3}
      propertyPath: m_LocalRotation.w
      value: 1
      objectReference: {fileID: 0}
    - target: {fileID: 3452891267461259434, guid: d92290943189f4a4680b63c8a468901e,
        type: 3}
      propertyPath: m_RootOrder
      value: 0
      objectReference: {fileID: 0}
    - target: {fileID: 3452891267461259434, guid: d92290943189f4a4680b63c8a468901e,
        type: 3}
      propertyPath: m_LocalEulerAnglesHint.x
      value: 0
      objectReference: {fileID: 0}
    - target: {fileID: 3452891267461259434, guid: d92290943189f4a4680b63c8a468901e,
        type: 3}
      propertyPath: m_LocalEulerAnglesHint.y
      value: 0
      objectReference: {fileID: 0}
    - target: {fileID: 3452891267461259434, guid: d92290943189f4a4680b63c8a468901e,
        type: 3}
      propertyPath: m_LocalEulerAnglesHint.z
      value: 0
      objectReference: {fileID: 0}
    - target: {fileID: 3452891267461259434, guid: d92290943189f4a4680b63c8a468901e,
        type: 3}
      propertyPath: m_LocalScale.y
      value: 4.4029717
      objectReference: {fileID: 0}
    - target: {fileID: 3452891267461259434, guid: d92290943189f4a4680b63c8a468901e,
        type: 3}
      propertyPath: m_LocalScale.x
      value: 3.820916
      objectReference: {fileID: 0}
    - target: {fileID: 3452891267461259434, guid: d92290943189f4a4680b63c8a468901e,
        type: 3}
      propertyPath: m_LocalScale.z
      value: 2.347
      objectReference: {fileID: 0}
    - target: {fileID: 3452891267461259479, guid: d92290943189f4a4680b63c8a468901e,
        type: 3}
      propertyPath: m_Name
      value: Trap
      objectReference: {fileID: 0}
    m_RemovedComponents: []
  m_SourcePrefab: {fileID: 100100000, guid: d92290943189f4a4680b63c8a468901e, type: 3}
--- !u!1 &3222137951125606136 stripped
GameObject:
  m_CorrespondingSourceObject: {fileID: 3452891267461259479, guid: d92290943189f4a4680b63c8a468901e,
    type: 3}
  m_PrefabInstance: {fileID: 242199551085522479}
  m_PrefabAsset: {fileID: 0}
--- !u!4 &3222137951125606021 stripped
Transform:
  m_CorrespondingSourceObject: {fileID: 3452891267461259434, guid: d92290943189f4a4680b63c8a468901e,
    type: 3}
  m_PrefabInstance: {fileID: 242199551085522479}
  m_PrefabAsset: {fileID: 0}
